@book{HawkinsThomas,
  title={{Emergence of the Theory of Lie Groups: An Essay in the History of Mathematics 1869--1926}},
  author={T. Hawkins},
  isbn={9780387989631},
  lccn={99056073},
  series={Sources and Studies in the History of Mathematics and Physical Sciences},
  year={2000},
  publisher={Springer New York}
}

@article{Dickson1,
	author = {L. E. Dickson},
	title = {{A class of groups in an arbitrary realm connected with the configuration ofthe 27 lines on a cubic surface}},
	year = {1901},
	journal = {Quart. J. Pure Appl. Math},
	volume = {33},
	pages = {145–173}
}

@article{Dickson2,
	author = {L. E. Dickson},
	title = {{A class of groups in an arbitrary realm connected with the configuration of the 27 lines on a cubic surface (second paper)}},
	year = {1908},
	journal = {Quart. J. Pure Appl. Math},
	volume = {39},
	pages = {205–209}
}

@article{Chevalley,
	author = {C. Chevalley},
	title = {{Sur certains groupes simples}},
	year = {1955},
	journal = {Tôhoku Math. J.},
	volume = {7},
	pages = {14–66}
}

@book{Seligman,
  title={{Rational Constructions of Modules for Simple Lie Algebras}},
  author={G. B. Seligman},
  isbn={9780821850084},
  lccn={81012781},
  series={Contemporary mathematics – American Mathematical Society},
  year={1981},
  publisher={American Mathematical Society}
}

@article {JacobsonOne,
      author = "N. Jacobson",
      title = {{Some Groups of Transformations defined by Jordan Algebras. I.}},
      journal = "Journal für die reine und angewandte Mathematik",
      year = "1959",
      publisher = "De Gruyter",
      address = "Berlin, Boston",
      volume = "1959",
      number = "201",
      pages = "178–195"
}

@article {JacobsonTwo,
      author = "N. Jacobson",
      title = {{Some groups of transformations defined by Jordan algebras. II.}},
      journal = "Journal für die reine und angewandte Mathematik",
      year = "1960",
      publisher = "De Gruyter",
      address = "Berlin, Boston",
      volume = "1960",
      number = "204",
      pages =  "74–98"
}

@article {JacobsonThree,
      author = "N. Jacobson",
      title = {{Some groups of Transformations defined by Jordan Algebras. III.}},
      journal = "Journal für die reine und angewandte Mathematik",
      year = "1961",
      publisher = "De Gruyter",
      address = "Berlin, Boston",
      volume = "1961",
      number = "207",
      pages =     "61–85"
}

@book{WilsonBook,
  title={{The Finite Simple Groups}},
  author={R. A. Wilson},
  isbn={9781848009875},
  lccn={2009941783},
  series={Graduate Texts in Mathematics},
  year={2009},
  publisher={Springer London}
}

@phdthesis{Magaard, 
	title={{The maximal subgroups of the Chevalley groups $\F_4(F)$ where F is a finite or algebraically closed field of characteristic not equal to $2$,$3$.}}, 
	url={https://thesis.library.caltech.edu/2575/}, 
	school={{California Institute of Technology}}, 
	author={Kay Magaard}, 
	year={1990}
}

@book{SpringerVeldkamp,
  title={{Octonions, Jordan Algebras, and Exceptional Groups}},
  author={T. A. Springer and F. D. Veldkamp},
  isbn={9783540663379},
  lccn={00021741},
  series={Monographs in Mathematics},
  year={2000},
  publisher={Springer}
}

@book{Schafer,
  title={{An Introduction to Nonassociative Algebras}},
  author={R. D. Schafer},
  isbn={9780123745699},
  series={Pure and applied mathematics},
  year={1966},
  publisher={Academic Press}
}

@article{CC,
  title={{The $2$-spaces of the standard $\EE_6(q)$-module}},
  author={A. M. Cohen and B. N. Cooperstein},
  journal={Geometries and Groups. Proceedings of the Workshop Geometries and Groups, Finite and Algebraic.},
  pages={467--480},
  year={1988},
  publisher={Springer Dordrecht}
}


